@article{Setti:PLOS15,
  title = {F-formation Detection: Individuating Free-standing Conversational Groups in Images},
  author = {Setti, F. and Russell, C. and Bassetti, C. and Cristani, M.},
  journal = {PLOS One},
  volume = {10},
  number = {5},
  year = {2015}
}

@inproceedings{Cristani:BMVC11,
  title = {Social interaction discovery by statistical analysis of F-formations},
  author = {Cristani, M. and Bazzani, L. and Pagetti, G. and Fossati, A. and Tosato, D. and Del Bue, A. and Menegaz, G. and Murino, V.},
  booktitle = {British Machine Vision Conference (BMVC)},
  year = {2011}
}

@book{kendon1990conducting,
  title={Conducting interaction: Patterns of behavior in focused encounters},
  author={Kendon, Adam},
  volume={7},
  year={1990},
  publisher={CUP Archive}
}